<record><leader>00000cas a2200000 a 4500</leader><controlfield tag="001">11171725</controlfield><controlfield tag="008">840919d1930197usduwr ne      0    0eng c</controlfield><datafield ind1=" " ind2=" " tag="010"><subfield code="a">sn 84027499 </subfield></datafield><datafield ind1=" " ind2=" " tag="040"><subfield code="a">NPU</subfield><subfield code="b">eng</subfield><subfield code="c">NPU</subfield><subfield code="d">DLC</subfield><subfield code="d">ANU</subfield><subfield code="d">SXN</subfield><subfield code="d">NYS</subfield><subfield code="d">OCLCQ</subfield><subfield code="d">OCLCO</subfield></datafield><datafield ind1="1" ind2=" " tag="029"><subfield code="a">AU@</subfield><subfield code="b">000020585754</subfield></datafield><datafield ind1=" " ind2=" " tag="042"><subfield code="a">pcc</subfield></datafield><datafield ind1=" " ind2=" " tag="043"><subfield code="a">n-us-sd</subfield></datafield><datafield ind1="0" ind2="4" tag="245"><subfield code="a">The Shannon County news.</subfield></datafield><datafield ind1="1" ind2=" " tag="246"><subfield code="i">Issues for June 5, 1947-Sept. 11, 1947 called:</subfield><subfield code="a">American Indian</subfield></datafield><datafield ind1="1" ind2=" " tag="246"><subfield code="i">Issues for &lt;Feb. 22-June 21, 1974&gt; also have title:</subfield><subfield code="a">Eyapaha Wakokipe'sni</subfield></datafield><datafield ind1=" " ind2=" " tag="260"><subfield code="a">Pine Ridge, S.D. :</subfield><subfield code="b">Wm. G. Pugh and Irene G. Pugh</subfield></datafield><datafield ind1=" " ind2=" " tag="300"><subfield code="a">v. ;</subfield><subfield code="c">30 cm.</subfield></datafield><datafield ind1=" " ind2=" " tag="310"><subfield code="a">Weekly</subfield></datafield><datafield ind1="0" ind2=" " tag="362"><subfield code="a">Vol. 1, no. 1 (Oct. 9, 1930)-</subfield></datafield><datafield ind1=" " ind2=" " tag="500"><subfield code="a">Published in: Batesland, S.D., &lt;Feb. 13, 1964-Feb. 2, 1967&gt;; and in: Kyle, S.D., &lt;June 1, 1973-June 21, 1974&gt;.</subfield></datafield><datafield ind1=" " ind2=" " tag="500"><subfield code="a">"Oglala Sioux Tribe of Pine Ridge Indian Reservation."</subfield></datafield><datafield ind1=" " ind2=" " tag="500"><subfield code="a">"Thrives because it serves."</subfield></datafield><datafield ind1=" " ind2=" " tag="530"><subfield code="a">Available on microfilm from: State Archives, South Dakota State Historical Society.</subfield></datafield><datafield ind1=" " ind2=" " tag="588"><subfield code="a">Description based on: Vol. 17, no. 11 (Nov. 20, 1954).</subfield></datafield><datafield ind1=" " ind2="0" tag="650"><subfield code="a">Oglala Sioux Tribe</subfield><subfield code="z">South Dakota</subfield><subfield code="v">Newspapers.</subfield></datafield><datafield ind1=" " ind2="0" tag="650"><subfield code="a">Indians of North America</subfield><subfield code="z">South Dakota</subfield><subfield code="v">Newspapers.</subfield></datafield><datafield ind1=" " ind2="0" tag="651"><subfield code="a">Pine Ridge (S.D.)</subfield><subfield code="v">Newspapers.</subfield></datafield><datafield ind1=" " ind2="0" tag="651"><subfield code="a">Batesland (S.D.)</subfield><subfield code="v">Newspapers.</subfield></datafield><datafield ind1=" " ind2="0" tag="651"><subfield code="a">Kyle (S.D.)</subfield><subfield code="v">Newspapers.</subfield></datafield><datafield ind1=" " ind2="0" tag="651"><subfield code="a">Shannon County (S.D.)</subfield><subfield code="v">Newspapers.</subfield></datafield><datafield ind1=" " ind2="0" tag="651"><subfield code="a">Pine Ridge Indian Reservation (S.D.)</subfield><subfield code="v">Newspapers.</subfield></datafield><datafield ind1=" " ind2=" " tag="752"><subfield code="a">United States</subfield><subfield code="b">South Dakota</subfield><subfield code="c">Shannon</subfield><subfield code="d">Pine Ridge.</subfield></datafield><datafield ind1=" " ind2=" " tag="752"><subfield code="a">United States</subfield><subfield code="b">South Dakota</subfield><subfield code="c">Shannon</subfield><subfield code="d">Batesland.</subfield></datafield><datafield ind1=" " ind2=" " tag="752"><subfield code="a">United States</subfield><subfield code="b">South Dakota</subfield><subfield code="c">Shannon</subfield><subfield code="d">Kyle.</subfield></datafield></record>